<record><leader>00000cas a2200000 a 4500</leader><controlfield tag="001">11821071</controlfield><controlfield tag="008">850319d18951896ksuwr ne      0   a0eng d</controlfield><datafield ind1=" " ind2=" " tag="010"><subfield code="a">sn 85030118 </subfield></datafield><datafield ind1=" " ind2=" " tag="040"><subfield code="a">KSH</subfield><subfield code="b">eng</subfield><subfield code="c">KSH</subfield><subfield code="d">NPT</subfield><subfield code="d">OCL</subfield><subfield code="d">OCLCQ</subfield></datafield><datafield ind1=" " ind2=" " tag="042"><subfield code="a">msc</subfield></datafield><datafield ind1="0" ind2=" " tag="130"><subfield code="a">Item (Pleasanton, Kan.)</subfield></datafield><datafield ind1="1" ind2="4" tag="245"><subfield code="a">The item.</subfield></datafield><datafield ind1=" " ind2=" " tag="260"><subfield code="a">Pleasanton, Kan. :</subfield><subfield code="b">F.M. Tucker,</subfield><subfield code="c">-1896.</subfield></datafield><datafield ind1=" " ind2=" " tag="300"><subfield code="a">v. :</subfield><subfield code="b">ill. ;</subfield><subfield code="c">38 cm.</subfield></datafield><datafield ind1=" " ind2=" " tag="310"><subfield code="a">Weekly</subfield></datafield><datafield ind1="0" ind2=" " tag="362"><subfield code="a">-v. 2, no. 10 (Sept. 11, 1896).</subfield></datafield><datafield ind1="1" ind2=" " tag="362"><subfield code="a">Began in 1895.</subfield><subfield code="z">Cf. Ayer, 1896.</subfield></datafield><datafield ind1=" " ind2=" " tag="515"><subfield code="a">Supplements included.</subfield></datafield><datafield ind1=" " ind2=" " tag="588"><subfield code="a">Description based on: Vol. 1, no. 3 (July 26, 1895).</subfield></datafield><datafield ind1=" " ind2=" " tag="752"><subfield code="a">United States</subfield><subfield code="b">Kansas</subfield><subfield code="c">Linn</subfield><subfield code="d">Pleasanton.</subfield></datafield><datafield ind1="0" ind2="0" tag="785"><subfield code="t">Advertiser (Pleasanton, Kan.)</subfield><subfield code="w">(DLC)sn 85030119</subfield></datafield></record>